@article{Avis1996,
  doi = {10.1016/0166-218x(95)00026-n},
  url = {https://doi.org/10.1016/0166-218x(95)00026-n},
  year = {1996},
  month = mar,
  publisher = {Elsevier {BV}},
  volume = {65},
  number = {1-3},
  pages = {21--46},
  author = {David Avis and Komei Fukuda},
  title = {Reverse search for enumeration},
  journal = {Discrete Applied Mathematics}
}

@misc{BellEqu,
Author = {Reinhard F. Werner and Michael M. Wolf},
Title = {Bell inequalities and Entanglement},
Year = {2001},
Eprint = {arXiv:quant-ph/0107093},
}

@article{compBio,
author = {Schuster, Stefan and Hilgetag, Claus},
year = {1994},
month = {06},
pages = {165-182},
title = {Schuster, S. \& Hilgetag, C. On elementary flux modes in biochemical reaction systems at steady state. J. Biol. Syst. 2, 165-182},
volume = {2},
journal = {J. Biol. Syst},
doi = {10.1142/S0218339094000131}
}
@article{Acuna2012,
  doi = {10.1093/bioinformatics/bts423},
  url = {https://doi.org/10.1093/bioinformatics/bts423},
  year = {2012},
  month = jul,
  publisher = {Oxford University Press ({OUP})},
  volume = {28},
  number = {19},
  pages = {2474--2483},
  author = {V. Acuna and P. V. Milreu and L. Cottret and A. Marchetti-Spaccamela and L. Stougie and M.-F. Sagot},
  title = {Algorithms and complexity of enumerating minimal precursor sets in genome-wide metabolic networks},
  journal = {Bioinformatics}
}

@article{Gagneur2004,
  doi = {10.1186/1471-2105-5-175},
  url = {https://doi.org/10.1186/1471-2105-5-175},
  year = {2004},
  publisher = {Springer Science and Business Media {LLC}},
  volume = {5},
  number = {1},
  pages = {175},
  author = {Julien Gagneur and Steffen Klamt},
  journal = {{BMC} Bioinformatics}
}

@article{Khachiyan2008,
  doi = {10.1007/s00454-008-9050-5},
  url = {https://doi.org/10.1007/s00454-008-9050-5},
  year = {2008},
  month = mar,
  publisher = {Springer Science and Business Media {LLC}},
  volume = {39},
  number = {1-3},
  pages = {174--190},
  author = {Leonid Khachiyan and Endre Boros and Konrad Borys and Khaled Elbassioni and Vladimir Gurvich},
  title = {Generating All Vertices of a Polyhedron Is Hard},
  journal = {Discrete {\&} Computational Geometry}
}

@article{Motzkin,
author="MOTZKIN, T. S.",
title="The Double Description Method, in Contributions to the Theory of Games II",
journal="Annals of Mathematics Study",
ISSN="",
publisher="Princeton University Press",
year="1953",
month="",
volume="28",
number="",
pages="",
URL="https://ci.nii.ac.jp/naid/10003824991/en/",
DOI="",
}


